<record><leader>00000cas a22000007a 4500</leader><controlfield tag="001">32650981</controlfield><controlfield tag="008">950614d19111922nyuwr ne      0    0eng d</controlfield><datafield ind1=" " ind2=" " tag="010"><subfield code="a">sn 95071249 </subfield></datafield><datafield ind1=" " ind2=" " tag="040"><subfield code="a">NYS</subfield><subfield code="b">eng</subfield><subfield code="c">NYS</subfield><subfield code="d">OCLCQ</subfield></datafield><datafield ind1=" " ind2=" " tag="042"><subfield code="a">msc</subfield></datafield><datafield ind1="0" ind2=" " tag="130"><subfield code="a">Long Island sun (Amityville, N.Y. : 1911)</subfield></datafield><datafield ind1="1" ind2="0" tag="245"><subfield code="a">Long Island sun.</subfield></datafield><datafield ind1=" " ind2=" " tag="260"><subfield code="a">Amityville [N.Y. :</subfield><subfield code="b">Paul Bailey]</subfield></datafield><datafield ind1=" " ind2=" " tag="300"><subfield code="a">v.</subfield></datafield><datafield ind1=" " ind2=" " tag="310"><subfield code="a">Weekly</subfield></datafield><datafield ind1="1" ind2=" " tag="362"><subfield code="a">Began Apr 11, 1911? Ceased in 1922?</subfield><subfield code="z">Sealock and Seeley, Long Island bibl.</subfield></datafield><datafield ind1=" " ind2=" " tag="500"><subfield code="a">"Republican."</subfield></datafield><datafield ind1=" " ind2=" " tag="588"><subfield code="a">Description based on: No. 460 (Feb. 20, 1920).</subfield></datafield><datafield ind1=" " ind2="4" tag="651"><subfield code="a">Amityville (N.Y.)</subfield><subfield code="v">Newspapers.</subfield></datafield><datafield ind1=" " ind2="4" tag="651"><subfield code="a">Suffolk County (N.Y.)</subfield><subfield code="v">Newspapers.</subfield></datafield><datafield ind1=" " ind2=" " tag="752"><subfield code="a">United States</subfield><subfield code="b">New York</subfield><subfield code="c">Suffolk</subfield><subfield code="d">Amityville.</subfield></datafield><datafield ind1="0" ind2="0" tag="785"><subfield code="t">Long Island sun and South Shore press</subfield><subfield code="w">(DLC)sn 95071128</subfield><subfield code="w">(OCoLC)32169110</subfield></datafield><datafield ind1="1" ind2=" " tag="029"><subfield code="a">AU@</subfield><subfield code="b">000011923129</subfield></datafield></record>